@article {
    CityLab,
    title={In the U.S., Almost No One Votes in Local Elections},
    author={Kriston Capps},
    journal={Online},
    year={2016},
}

@article {
    Whovotesmayor,
    title={Who Votes For Mayor},
    author={Portland State University},
    journal={Online},
    year={2016},
}

@article {
    Moreinvolve,
    title={Poll finds L.A. County residents want to be more involved in their community but don't have time},
    author={Nita Lelyveld},
    journal={Online},
    year={2015},
}

@article {
    FloodInsurance,
    title={How To Read a Flood Insurance Rate Map Tutorial},
    author={FEMA.gov},
    journal={Online},
    year={2018},
}
